<?xml version="1.0" encoding="UTF-8"?><record xmlns="http://www.loc.gov/MARC21/slim" xmlns:cinclude="http://apache.org/cocoon/include/1.0" xmlns:zs="http://www.loc.gov/zing/srw/">
  <leader>00521nz  a2200121n  4500</leader>
  <controlfield tag="001">n  85194702 </controlfield>
  <controlfield tag="003">DLC</controlfield>
  <controlfield tag="005">19860129092505.7</controlfield>
  <controlfield tag="008">851015n| acannaab|          |n aaa ||| b</controlfield>
  <datafield tag="010" ind1=" " ind2=" ">
    <subfield code="a">n  85194702 </subfield>
  </datafield>
  <datafield tag="040" ind1=" " ind2=" ">
    <subfield code="a">DNLM</subfield>
    <subfield code="c">DLC</subfield>
  </datafield>
  <datafield tag="100" ind1="1" ind2="0">
    <subfield code="a">Richards, Kent L.</subfield>
  </datafield>
  <datafield tag="670" ind1=" " ind2=" ">
    <subfield code="a">His Doppler echocardiographic diagnosis and quantification of valvular heart disease, c1985:</subfield>
    <subfield code="b">t.p. (Kent L. Richards, M.D.) p. 7 (associate prof. of med., Univ. of Texas Health Sci. Center, San Antonio; direc. of Cardiac Catheterization Lab, Veterans'' Admin. Hosp.)</subfield>
  </datafield>
</record>